@article{TIH,
  title = {Tetris is hard, even to approximate},
  author = {Ron Breukelaar and Erik D. Demaine and Susan Hohenberger and Hendrik
            Jan Hoogeboom and Walter A. Kosters and David Liben-Nowell},
  journal = {Int. J. Comput. Geom. Appl.},
  year = {2002},
  volume = {14},
  pages = {41-68},
  url = {https://api.semanticscholar.org/CorpusID:1177},
}
